%YAML 1.1
%TAG !u! tag:unity3d.com,2011:
--- !u!1 &2349339656274597364
GameObject:
  m_ObjectHideFlags: 0
  m_CorrespondingSourceObject: {fileID: 0}
  m_PrefabInstance: {fileID: 0}
  m_PrefabAsset: {fileID: 0}
  serializedVersion: 6
  m_Component:
  - component: {fileID: 7526028240069940751}
  - component: {fileID: 4484668156855000107}
  m_Layer: 0
  m_Name: BuildingLoader
  m_TagString: Untagged
  m_Icon: {fileID: 0}
  m_NavMeshLayer: 0
  m_StaticEditorFlags: 0
  m_IsActive: 1
--- !u!4 &7526028240069940751
Transform:
  m_ObjectHideFlags: 0
  m_CorrespondingSourceObject: {fileID: 0}
  m_PrefabInstance: {fileID: 0}
  m_PrefabAsset: {fileID: 0}
  m_GameObject: {fileID: 2349339656274597364}
  m_LocalRotation: {x: 0, y: 0, z: 0, w: 1}
  m_LocalPosition: {x: 0, y: 0, z: 0}
  m_LocalScale: {x: 1, y: 1, z: 1}
  m_Children:
  - {fileID: 4124650960350487589}
  m_Father: {fileID: 0}
  m_RootOrder: 0
  m_LocalEulerAnglesHint: {x: 0, y: 0, z: 0}
--- !u!114 &4484668156855000107
MonoBehaviour:
  m_ObjectHideFlags: 0
  m_CorrespondingSourceObject: {fileID: 0}
  m_PrefabInstance: {fileID: 0}
  m_PrefabAsset: {fileID: 0}
  m_GameObject: {fileID: 2349339656274597364}
  m_Enabled: 1
  m_EditorHideFlags: 0
  m_Script: {fileID: 11500000, guid: 2a65e75d40f6e9946813ca1c1f6d02c9, type: 3}
  m_Name: 
  m_EditorClassIdentifier: 
  _producersToCreateAtFirst: 5
  _consumersToCreateAtFirst: 7
  _vehiclesToCreateAtFirst: 50
  _distanceToBeNear: 20000
  _consumerPrefab: {fileID: 4655773042579451343, guid: b2aaf53f98a87ea4ca19c00a9900785d,
    type: 3}
  _producerPrefab: {fileID: 4720612064220964760, guid: b676c71abed246e459a21e5be6206d0e,
    type: 3}
  _vehiclePrefab: {fileID: 2266284823304644425, guid: 3137873651bd0b54b8b34c7a3a2ad4c7,
    type: 3}
  _roadPrefab: {fileID: 5019641424859752463, guid: 8085fa16baf19554e8bc259a80ba38bb,
    type: 3}
--- !u!1 &5438701520098978623
GameObject:
  m_ObjectHideFlags: 0
  m_CorrespondingSourceObject: {fileID: 0}
  m_PrefabInstance: {fileID: 0}
  m_PrefabAsset: {fileID: 0}
  serializedVersion: 6
  m_Component:
  - component: {fileID: 4124650960350487589}
  - component: {fileID: 7564903649891174522}
  m_Layer: 0
  m_Name: GameObject
  m_TagString: Untagged
  m_Icon: {fileID: 0}
  m_NavMeshLayer: 0
  m_StaticEditorFlags: 0
  m_IsActive: 1
--- !u!4 &4124650960350487589
Transform:
  m_ObjectHideFlags: 0
  m_CorrespondingSourceObject: {fileID: 0}
  m_PrefabInstance: {fileID: 0}
  m_PrefabAsset: {fileID: 0}
  m_GameObject: {fileID: 5438701520098978623}
  m_LocalRotation: {x: -0, y: -0, z: -0, w: 1}
  m_LocalPosition: {x: 0, y: 0, z: 0}
  m_LocalScale: {x: 1, y: 1, z: 1}
  m_Children: []
  m_Father: {fileID: 7526028240069940751}
  m_RootOrder: 0
  m_LocalEulerAnglesHint: {x: 0, y: 0, z: 0}
--- !u!114 &7564903649891174522
MonoBehaviour:
  m_ObjectHideFlags: 0
  m_CorrespondingSourceObject: {fileID: 0}
  m_PrefabInstance: {fileID: 0}
  m_PrefabAsset: {fileID: 0}
  m_GameObject: {fileID: 5438701520098978623}
  m_Enabled: 1
  m_EditorHideFlags: 0
  m_Script: {fileID: 11500000, guid: f11adc41150a439e9cf92a4b81dab97f, type: 3}
  m_Name: 
  m_EditorClassIdentifier: 
